% This file was created with JabRef 2.9.2.
% Encoding: Cp1250

@article{FA_and_Their_Decisin_Problems,
  author = {Rabin, Michael and Scott, Dana},
  year = {1959},
  month = {04},
  pages = {114-125},
  title = {Finite Automata and Their Decision Problems},
  volume = {3},
  journal = {IBM Journal of Research and Development},
  doi = {10.1147/rd.32.0114}
}

@inproceedings{FPGA_based_network_scaning,
  author = {Sourdis, Ioannis
  and Pnevmatikatos, Dionisios},
  editor = {Y. K. Cheung, Peter
  and Constantinides, George A.},
  title = {Fast, Large-Scale String Match for a 10Gbps FPGA-Based Network Intrusion Detection System},
  booktitle = {Field Programmable Logic and Application},
  year = {2003},
  publisher = {Springer Berlin Heidelberg},
  address = {Berlin, Heidelberg},
  pages = {880--889},
  isbn = {978-3-540-45234-8}
}

@Article{ARMC,
  author={Bouajjani, Ahmed
  and Habermehl, Peter
  and Rogalewicz, Adam
  and Vojnar, Tom{\'a}{\v{s}}},
  title={Abstract regular (tree) model checking},
  journal={International Journal on Software Tools for Technology Transfer},
  year={2012},
  month={Apr},
  day={01},
  volume={14},
  number={2},
  pages={167-191},
  issn={1433-2787},
  doi={10.1007/s10009-011-0205-y},
  url={https://doi.org/10.1007/s10009-011-0205-y}
}

@InProceedings{String_constraints_for_ver,
  author="Abdulla, Parosh Aziz
  and Atig, Mohamed Faouzi
  and Chen, Yu-Fang
  and Hol{\'i}k, Luk{\'a}{\v{s}}
  and Rezine, Ahmed
  and R{\"u}mmer, Philipp
  and Stenman, Jari",
  editor="Biere, Armin
  and Bloem, Roderick",
  title="String Constraints for Verification",
  booktitle="Computer Aided Verification",
  year="2014",
  publisher="Springer International Publishing",
  address="Cham",
  pages="150--166",
  isbn="978-3-319-08867-9"
}

@article{Nested_antichains_for_WS1S,
  author    = {Tom{\'{a}}s Fiedor and
               Luk{\'{a}}s Hol{\'{\i}}k and
               Ondrej Leng{\'{a}}l and
               Tom{\'{a}}s Vojnar},
  title     = {Nested antichains for {WS1S}},
  journal   = {Acta Informatica},
  volume    = {56},
  number    = {3},
  pages     = {205--228},
  year      = {2019},
  url       = {https://doi.org/10.1007/s00236-018-0331-z},
  doi       = {10.1007/s00236-018-0331-z},
  timestamp = {Sun, 21 Jun 2020 17:37:56 +0200},
  biburl    = {https://dblp.org/rec/journals/acta/FiedorHLV19.bib},
  bibsource = {dblp computer science bibliography, https://dblp.org}
}

@inproceedings{On_equivalence_checking,
  author = {Fu, Chen and Deng, Yuxin and Jansen, David and Zhang, Lijun},
  editor = {Larsen, Kim Guldstrand
  and Sokolsky, Oleg
  and Wang, Ji},
  title = {On Equivalence Checking of Nondeterministic Finite Automata},
  booktitle = {Dependable Software Engineering. Theories, Tools, and Applications},
  year = {2017},
  publisher = {Springer International Publishing},
  address = {Cham},
  pages = {216--231},
  isbn = {978-3-319-69483-2}
}

@article{DNA_pattern_analysis_using_FA,
  author = {Ain, Qurat and Saeed, Yousaf and Naseem, Shahid and Ahamd, Fahad and Alyas, Tahir and Tabassum, Nadia},
  year = {2014},
  month = {10},
  pages = {1-4},
  title = {DNA Pattern Analysis using Finite Automata},
  volume = {1},
  journal = {International Research Journal of Computer Science (IRJCS)}
}


@inproceedings{Oldest_Merge,
  author={Aziz, A. and Singhal, V. and Brayton, R. and Swamy, G.M.},
  booktitle={Proceedings 1994 IEEE International Conference on Computer Design: VLSI in Computers and Processors},
  title={Minimizing interacting finite state machines: a compositional approach to language containment},
  year={1994},
  volume={},
  number={},
  pages={255-261},
  doi={10.1109/ICCD.1994.331900}
}

@InProceedings{Simulation_based_minimization,
  author="Bustan, Doron
  and Grumberg, Orna",
  editor="McAllester, David",
  title="Simulation Based Minimization",
  booktitle="Automated Deduction - CADE-17",
  year="2000",
  publisher="Springer Berlin Heidelberg",
  address="Berlin, Heidelberg",
  pages="255--270",
  isbn="978-3-540-45101-3"
}


@InBook{On_nfa_reduction,
  author = {Ilie, Lucian
  and Navarro, Gonzalo
  and Yu, Sheng},
  editor = {Karhum{\"a}ki, Juhani
  and Maurer, Hermann
  and P{\u{a}}un, Gheorghe
  and Rozenberg, Grzegorz},
  title = {On NFA Reductions},
  bookTitle = {Theory Is Forever: Essays Dedicated to Arto Salomaa on the Occasion of His 70th Birthday},
  year = {2004},
  publisher = {Springer Berlin Heidelberg},
  address = {Berlin, Heidelberg},
  pages = {112--124},
  isbn = {978-3-540-27812-2},
  doi = {10.1007/978-3-540-27812-2\_11},
  url = {https://doi.org/10.1007/978-3-540-27812-2\_11}
}

@article{Lorenzo_prunning_saturation,
  author    = {Lorenzo Clemente and
               Richard Mayr},
  title     = {Efficient reduction of nondeterministic automata with application
               to language inclusion testing},
  journal   = {CoRR},
  volume    = {abs/1711.09946},
  year      = {2017},
  url       = {http://arxiv.org/abs/1711.09946},
  archivePrefix = {arXiv},
  eprint    = {1711.09946},
  timestamp = {Mon, 13 Aug 2018 16:48:54 +0200},
  biburl    = {https://dblp.org/rec/journals/corr/abs-1711-09946.bib},
  bibsource = {dblp computer science bibliography, https://dblp.org}
}

@techreport{When_simulation_meets_antichains,
  author = "A. Parosh Abdulla and Luk\'{a}\v{s} Hol\'{i}k and Yu-Fang Chen and Richard Mayr and Tom\'{a}\v{s} Vojnar",
  title = "When Simulation Meets Antichains (On Checking Language Inclusion of Nondeterministic Finite (Tree) Automata)",
  pages = 22,
  year = 2010,
  location = "FIT-TR-2010-01, Brno, CZ",
  publisher = "Faculty of Information Technology BUT",
  language = "english",
  url = "https://www.fit.vut.cz/research/publication/9152"
}

@INPROCEEDINGS{Computing_simulaitons,
  author={Henzinger, M.R. and Henzinger, T.A. and Kopke, P.W.},
  booktitle={Proceedings of IEEE 36th Annual Foundations of Computer Science},
  title={Computing simulations on finite and infinite graphs},
  year={1995},
  volume={},
  number={},
  pages={453-462},
  doi={10.1109/SFCS.1995.492576}}
