% NTU-bibliografie.tex
% Bibliografie pro článek o NTU do předmětu THE
% Autor: Bc. Michal Šedý
% Poslední úprava: 07.12.2022

@inbook{placeholder,
  author = {Médard, Muriel and Lumetta, Steven},
  year = {2003},
  month = {04},
  pages = {},
  title = {Network Reliability and Fault Tolerance},
  isbn = {9780471219286},
  doi = {10.1002/0471219282.eot281}
}
