@article{Nash1950,
  ISSN = {00129682, 14680262},
  URL = {http://www.jstor.org/stable/1907266},
  author = {John F. Nash},
  journal = {Econometrica},
  number = {2},
  pages = {155--162},
  publisher = {[Wiley, Econometric Society]},
  title = {The Bargaining Problem},
  urldate = {2023-01-24},
  volume = {18},
  year = {1950}
}

@article{Shapley1969,
  title={(1969). Utility comparison and the theory of games},
  author={Shapley, LS},
  journal={La Decision: Aggregation et Dynamique des Ordres de Preference},
  year={1969}
}

@unpublished{Hruby2022,
  author={Hrubý, Martin},
  institution={Vysoké učení technické v Brně, Fakulta informačních technologií},
  url={http://www.fit.vutbr.cz/~hrubym/THE/6-kooperativni-hry-bargaining.pdf},
  place={Brno},
  title={Teorie her: Kooperativní hry a vyjednávání},
  year={2022},
  month={Nov}
}