%% LaTeX2e file `main.bib'
%% generated by the `filecontents' environment
%% from source `main' on 2024/04/19.
%%
    @misc{Snort,
    author={Snort},
    title={Network Intrusion Detection \& Prevention System},
    url={https://www.snort.org/}
  }

  @InProceedings{Regex,
    author="Gange, Graeme
    and Navas, Jorge A.
    and Stuckey, Peter J.
    and S{\o}ndergaard, Harald
    and Schachte, Peter",

    title="Unbounded Model-Checking with Interpolation for Regular Language Constraints",
    booktitle="Tools and Algorithms for the Construction and Analysis of Systems",
    year="2013",
    publisher="Springer Berlin Heidelberg",
    address="Berlin, Heidelberg",
    isbn="978-3-642-36742-7"
  }

  @misc{Snort,
    author={Parosh Aziz Abdulla and
            Yu-Fang Chen and
            Chih-Duo Hong and
            Richard Mayr and
            Lorenzo Clemente and
            Moshe Vardi and
            Seth Fogarty and
            Tomas Vojnar and
            Lukas Holik and
            Ondra Lengal and
            Jiri Simacek},
    title={RABIT and Reduce v2.5},
    url={https://languageinclusion.org/doku.php?id=tools}
  }

