@InProceedings{Regex,
  author="Gange, Graeme and others",

  title={{Unbounded Model-Checking with Interpolation for Regular Language Constraints}},
  booktitle={TACAS'13},
  year={2013},
  publisher={Springer},
  isbn={978-3-642-36742-7}
}

@misc{RABIT,
  author = {Mayr, R.
            and others},
  title  = {{RABIT and Reduce}},
  note   = {\url{https://languageinclusion.org}}
}
