% dokumentace-bibliografie.tex
% Bibliografie pro dokumentaci k projektu do předmětu GAL
% Autoři: Bc. Jan Bíl
%         Bc. Michal Šedý
% Poslední úprava: 30.10.2022

@book{appleby,
  author  = {Humphrey Appleby},
  title   = {On the Importance of the Civil Service},
  date    = {1980},
}