@article{slow,
    author = {Inaba, Mary and Katoh, Naoki and Imai, Hiroshi},
    year = {1994},
    month = {06},
    pages = {332-339},
    title = {Applications of weighted Voronoi diagrams and randomization to variance-based-clustering},
    isbn = {0-89791-648-4},
    doi = {10.1145/177424.178042}
}

@inproceedings{fast,
    author = {Arthur, David and Vassilvitskii, Sergei},
    title = {How Slow is the K-Means Method?},
    year = {2006},
    isbn = {1595933409},
    publisher = {Association for Computing Machinery},
    address = {New York, NY, USA},
    url = {https://doi.org/10.1145/1137856.1137880},
    doi = {10.1145/1137856.1137880},
    booktitle = {Proceedings of the Twenty-Second Annual Symposium on Computational Geometry},
    pages = {144â€“153},
    numpages = {10},
    keywords = {k-means, lower bounds, local search},
    location = {Sedona, Arizona, USA},
    series = {SCG '06}
}