@inproceedings{ApproxRed,
  author    = {Ceška, M. and Havlena, V. and Holík, L. and others},
  booktitle = {FCCM'19},
  title     = {Deep Packet Inspection in FPGAs via Approximate Nondeterministic Automata},
  year      = {2019},
  doi       = {10.1109/FCCM.2019.00025}
}

@article{ARMC,
  author  = {Bouajjani, A.
             and Habermehl, P.
             and Rogalewicz, A.
             and Vojnar, T.},
  title   = {Abstract regular (tree) model checking},
  journal = {STTT'12},
  year    = {2012},
  month   = {Apr},
  doi     = {10.1007/s10009-011-0205-y},
}

@inproceedings{FPGA_based_network_scaning,
  author    = {Sourdis, I
               and Pnevmatikatos, D},
  title     = {{Fast, Large-Scale String Match for a 10Gbps FPGA-Based Network Intrusion Detection System}},
  booktitle = {FPL'03},
  year      = {2003},
  publisher = {Springer},
  isbn      = {978-3-540-45234-8}
}


@article{Lorenzo_prunning_saturation,
  author        = {L. Clemente and
                   R. Mayr},
  title         = {Efficient reduction of nondeterministic automata with application
                   to language inclusion testing},
  journal       = {CoRR},
  year          = {2017},
  archiveprefix = {arXiv},
  eprint        = {1711.09946},
}

@article{Nested_antichains_for_WS1S,
  author    = {T. Fiedor and
               L. Hol{\'{\i}}k and
               O. Leng{\'{a}}l and
               T. Vojnar},
  title     = {Nested antichains for {WS1S}},
  journal   = {Acta Informatica},
  year      = {2019},
  doi       = {10.1007/s00236-018-0331-z},
}

@inproceedings{Oldest_Merge,
  author    = {Aziz, A. and Singhal, V. and Brayton, R. and Swamy, G.M.},
  booktitle = {ICCD'94},
  title     = {Minimizing interacting finite state machines: a compositional approach to language containment},
  year      = {1994},
  doi       = {10.1109/ICCD.1994.331900}
}

@inproceedings{On_equivalence_checking,
  author    = {Fu, Chen and Deng, Yuxin and Jansen, David and Zhang, Lijun},
  title     = {On Equivalence Checking of Nondeterministic Finite Automata},
  booktitle = {SETTA'17},
  year      = {2017},
  publisher = {Springer},
  isbn      = {978-3-319-69483-2}
}

@inbook{On_nfa_reduction,
  author    = {Ilie, Lucian
               and Navarro, Gonzalo
               and Yu, Sheng},
  editor    = {Karhum{\"a}ki, Juhani
               and Maurer, Hermann
               and P{\u{a}}un, Gheorghe
               and Rozenberg, Grzegorz},
  title     = {On NFA Reductions},
  year      = {2004},
  publisher = {Springer},
  doi       = {10.1007/978-3-540-27812-2\_11},
}

@misc{RABIT,
  author = {Parosh Aziz Abdulla and
            Yu-Fang Chen and
            others},
  title  = {{RABIT and Reduce}},
  note    = {\url{https://languageinclusion.org}}
}

@inproceedings{Regex_param,
  author    = {Gange, Graeme
               and Navas, Jorge A.
               and Stuckey, Peter J.
               and S{\o}ndergaard, Harald
               and Schachte, Peter},
  title     = {Unbounded Model-Checking with Interpolation for Regular Language Constraints},
  booktitle = {TACAS'13},
  year      = {2013},
  publisher = {Springer},
  isbn      = {978-3-642-36742-7}
}

@inproceedings{Simulation_based_minimization,
  author    = {Bustan, Doron
               and Grumberg, Orna},
  editor    = {McAllester, David},
  title     = {Simulation Based Minimization},
  booktitle = {CADE'20},
  publisher = {Springer},
  isbn      = {978-3-540-45101-3}
}

@misc{SNORT,
  author = {Snort},
  title  = {{Snort - Network Intrusion Detection \& Prevention System}},
  note    = {\url{https://snort.org}}
}

@inproceedings{String_constraints_for_ver,
  author    = {Abdulla, Parosh Aziz
               and Atig, Mohamed Faouzi
               and Chen, Yu-Fang
               and Hol{\'i}k, Luk{\'a}{\v{s}}
               and Rezine, Ahmed
               and R{\"u}mmer, Philipp
               and Stenman, Jari},
  title     = {String Constraints for Verification},
  booktitle = {CAV'14},
  year      = {2014},
  publisher = {Springer},
  isbn      = {978-3-319-08867-9}
}
